<record><leader>00000cas a22000007a 4500</leader><controlfield tag="001">40393360</controlfield><controlfield tag="008">981124d1881189utnuwr ne      0    0eng d</controlfield><datafield ind1=" " ind2=" " tag="010"><subfield code="a">sn 98069904 </subfield></datafield><datafield ind1=" " ind2=" " tag="040"><subfield code="a">TGN</subfield><subfield code="b">eng</subfield><subfield code="c">TGN</subfield><subfield code="d">OCL</subfield><subfield code="d">OCLCQ</subfield><subfield code="d">OCLCF</subfield><subfield code="d">OCLCO</subfield></datafield><datafield ind1="1" ind2=" " tag="029"><subfield code="a">AU@</subfield><subfield code="b">000014356030</subfield></datafield><datafield ind1=" " ind2=" " tag="042"><subfield code="a">msc</subfield></datafield><datafield ind1=" " ind2=" " tag="043"><subfield code="a">n-us-tn</subfield></datafield><datafield ind1="0" ind2=" " tag="130"><subfield code="a">Dickson County press (Dickson, Tenn.)</subfield></datafield><datafield ind1="1" ind2="4" tag="245"><subfield code="a">The Dickson County press.</subfield></datafield><datafield ind1=" " ind2=" " tag="260"><subfield code="a">Dickson, Tenn. :</subfield><subfield code="b">W.J. Conant</subfield></datafield><datafield ind1=" " ind2=" " tag="300"><subfield code="a">v.</subfield></datafield><datafield ind1=" " ind2=" " tag="310"><subfield code="a">Weekly</subfield></datafield><datafield ind1="1" ind2=" " tag="362"><subfield code="a">Began in 1881.</subfield></datafield><datafield ind1=" " ind2=" " tag="500"><subfield code="a">Publishers: Will. J. Conant, &lt;1882-1884&gt;; Charlotte Pub. Co., &lt;1887&gt;-1891; Smith &amp; Talley, &lt;1891&gt;; B.F. Harris, &lt;1892&gt;; Harris &amp; Cook, &lt;1892&gt;</subfield></datafield><datafield ind1=" " ind2=" " tag="588"><subfield code="a">Description based on: Vol. 1, no. 15 (Feb. 16, 1882).</subfield></datafield><datafield ind1=" " ind2="0" tag="651"><subfield code="a">Dickson (Tenn.)</subfield><subfield code="v">Newspapers.</subfield></datafield><datafield ind1=" " ind2="0" tag="651"><subfield code="a">Dickson County (Tenn.)</subfield><subfield code="v">Newspapers.</subfield></datafield><datafield ind1=" " ind2="7" tag="655"><subfield code="a">Newspapers.</subfield><subfield code="2">fast</subfield><subfield code="0">(OCoLC)fst01423814</subfield></datafield><datafield ind1=" " ind2="7" tag="651"><subfield code="a">Tennessee</subfield><subfield code="z">Dickson.</subfield><subfield code="2">fast</subfield><subfield code="0">(OCoLC)fst01227251</subfield></datafield><datafield ind1=" " ind2="7" tag="651"><subfield code="a">Tennessee</subfield><subfield code="z">Dickson County.</subfield><subfield code="2">fast</subfield><subfield code="0">(OCoLC)fst01223300</subfield></datafield><datafield ind1=" " ind2=" " tag="752"><subfield code="a">United States</subfield><subfield code="b">Tennessee</subfield><subfield code="c">Dickson</subfield><subfield code="d">Dickson.</subfield></datafield></record>